@article{smith2023example,
  title={An Example Article},
  author={Smith, John},
  journal={Journal of Examples},
  volume={1},
  number={1},
  pages={1-10},
  year={2023},
  publisher={Example Publisher}
}


%%%%%%%%%%%%%%%%%%%%%%%
Related Work
%%%%%%%%%%%%%%%%%%%%%%%

@article{moore1993predators,
  title={Predators and prey: a new ecology of competition},
  author={Moore, James F},
  journal={Harvard business review},
  volume={71},
  number={3},
  pages={75--86},
  year={1993}
}

@article{jacobides2018towards,
  title={Towards a theory of ecosystems},
  author={Jacobides, Michael G and Cennamo, Carmelo and Gawer, Annabelle},
  journal={Strategic management journal},
  volume={39},
  number={8},
  pages={2255--2276},
  year={2018},
  publisher={Wiley Online Library}
}